% This file was created with JabRef 2.10.
% Encoding: UTF-8


@String { Allerton    = {Allerton Conference on Communication, Control, and Computing} }
@String { BSTJ        = {Bell System Technical Journal} }
@String { ICASSP      = {IEEE International Conference on Acoustics, Speech and Signal Processing (ICASSP)} }
@String { IEEEcl      = {IEEE Communication Letters} }
@String { IEEEcm      = {IEEE Communication Magazine} }
@String { IEEEinfocom = {IEEE International Conference of Computer Communications (INFOCOM)} }
@String { IEEEisit    = {IEEE International Symposium on Information Theory (ISIT)} }
@String { IEEEitw     = {IEEE Information Theory Workshop (ITW)} }
@String { IEEEjsac    = {IEEE Journal on Selected Areas in Communication} }
@String { IEEEspm     = {IEEE Signal Processing Magazine} }
@String { IEEEtac     = {IEEE Transactions on Automatic Control} }
@String { IEEEtcom    = {IEEE Transactions on Communications} }
@String { IEEEtit     = {IEEE Transactions on Information Theory} }
@String { IEEEtmc     = {IEEE Transactions on Mobile Computing} }
@String { IEEEtnet    = {IEEE/ACM Transactions on Networking} }
@String { IEEEtob     = {IEEE Transactions on Broadcasting} }
@String { IEEEtsp     = {IEEE Transactions Signal Processing} }
@String { IEEEtvt     = {IEEE Transactions on Vehicular Technology} }
@String { IEEEtwcom   = {IEEE Transactions on Wireless Communications} }
@String { IEEEvtc     = {IEEE Vehicular Technology Conference (VTC)} }
@String { IEEEwc      = {IEEE Wireless Communications Magazine} }
@String { IEEEwcnc    = {IEEE Wireless Communications and Networking Conference (WCNC)} }
@String { ITA         = {Information Theory and Applications Workshop (ITA)} }
@String { jap         = {Journal on Applied Probability} }
@String { QS          = {Queueing Systems} }


@article{aldousBSMSP2013,
  title={Interacting particle systems as stochastic social dynamics},
  author={Aldous, David and others},
  journal={Bernoulli},
  volume={19},
  number={4},
  pages={1122--1149},
  year={2013},
  publisher={Bernoulli Society for Mathematical Statistics and Probability}
}

@article{ChengCoRR2017,
  author    = {Yu Cheng and
               Shaddin Dughmi and
               David Kempe},
  title     = {On the Distortion of Voting with Multiple Representative Candidates},
  journal   = {CoRR},
  volume    = {abs/1711.07600},
  year      = {2017},
  url       = {http://arxiv.org/abs/1711.07600},
  archivePrefix = {arXiv},
  eprint    = {1711.07600},
  timestamp = {Sat, 23 Dec 2017 12:54:58 +0100},
  biburl    = {https://dblp.org/rec/bib/journals/corr/abs-1711-07600},
  bibsource = {dblp computer science bibliography, https://dblp.org}
}

@inproceedings{romeroIWWWC2016,
  title={Social networks under stress},
  author={Romero, Daniel M and Uzzi, Brian and Kleinberg, Jon},
  booktitle={Proceedings of the 25th International Conference on World Wide Web},
  pages={9--20},
  year={2016},
  organization={International World Wide Web Conferences Steering Committee}
}

@article{carrilloWS2010,
  title={Self-propelled interacting particle systems with roosting force},
  author={Carrillo, Jose A and Klar, Axel and Martin, Stephan and Tiwari, Sudarshan},
  journal={Mathematical Models and Methods in Applied Sciences},
  volume={20},
  number={supp01},
  pages={1533--1552},
  year={2010},
  publisher={World Scientific}
}